@misc{asheim2015,
        title={Implementing High Performance Synchronous Message Exchange},
        author={Truls Asheim},
        year={2015},
        note={Bachelor's Thesis}
}

@article{kepner2004hpc,
  title={HPC productivity: An overarching view},
  author={Kepner, Jeremy},
  journal={The International Journal of High Performance Computing Applications},
  volume={18},
  number={4},
  pages={393--397},
  year={2004},
  publisher={Sage Publications Sage CA: Thousand Oaks, CA}
}

@article{hoare1978communicating,
  title={{Communicating Sequential Processes}},
  author={Hoare, Charles Antony Richard},
  journal={Communications of the ACM},
  volume={21},
  number={8},
  pages={666--677},
  year={1978},
  publisher={ACM}
}

@inproceedings{vinter2009pycsp,
  title={{PyCSP Revisited}},
  author={Vinter, Brian and Bj{\o}rndalen, John Markus and Friborg, Rune M{\o}llegaard}
}

@article{Vinter2014,
  title={Synchronous message exchange for hardware designs},
  author={Vinter, Brian and Skovhede, Kenneth},
  journal={Communicating Process Architectures},
  pages={201--212},
  year={2014}
}

@article{Vinter2015,
  title={{Bus centric synchronous message exchange for hardware designs}},
  author={Vinter, Brian and Skovhede, Kenneth},
  journal={Communicating Process Architectures},
  pages={245--257},
  year={2015}
}

@inproceedings{Skovhede,
  title={{Building hardware from C\# models}},
  author={Skovhede, Kenneth and Vinter, Brian},
  booktitle={FSP 2016; Third International Workshop on FPGAs for Software Programmers; Proceedings of},
  pages={1--9},
  year={2016},
  organization={VDE}
}

@UNPUBLISHED{smeil,
  title={{SMEIL: A Domain-Specific Language for Synchronous Message Exchange
    Networks}},
  author={Truls Asheim},
  year={2018},
  note={To be published}
}
@article{asheim2016vhdl,
  title={{VHDL Generation From Python Synchronous Message Exchange Networks}},
  author={Asheim, Truls and Skovhede, Kenneth and Vinter, Brian},
  journal={Proceedings of Communicating Process Architectures 2016},
  year={2016}
}

@phdthesis{Scattergood1998,
  abstract = {The CSP process-algebra provides a powerful mathematical notation for reasoning about concurrent systems, together with a rich supporting theory. This thesis adapts and extends CSP to produce a language which can be used with tools. The notation is extended by using a functional programming language to provide a concrete version of the (traditionally unspeci ed) expression language which sup- ports the process-algebra. The existing theory is used as the basis for both a denotational semantics and an operational semantics using Plotkin-style transition systems. The two semantics are then shown to be congruent using a bridging semantics based on the synchronisation trees of Brookes, Roscoe and Walker. A reference implementation of the semantics is outlined, along with a lexer and parser. This provides a core which can be used as the basis for future work on tools such as animators, proof assistants and re nement checkers.},
  author = {Scattergood, Bryan},
  pages = {1--179},
  title = {{The semantics and implementation of machine-readable CSP}},
  url = {http://citeseerx.ist.psu.edu/viewdoc/download?doi=10.1.1.66.1542{\&}rep=rep1{\&}type=pdf},
  year = {1998}
}
@inproceedings{fdr,
  title={{FDR3 --- A Modern Refinement Checker for CSP}},
  author={Thomas Gibson-Robinson and Philip Armstrong and Alexandre Boulgakov and A.W. Roscoe},
  booktitle={Tools and Algorithms for the Construction and Analysis of Systems},
  year = {2014},
  pages = {187-201},
  volume={8413},
  series={Lecture Notes in Computer Science},
  editor = {{\'{A}}brah{\'{a}}m, Erika and Havelund, Klaus},
}

@inproceedings{bjorndalen2007pycsp,
  title={{PyCSP-Communicating Sequential Processes for Python.}},
  author={Bj{\o}rndalen, John Markus and Vinter, Brian and Anshus, Otto J},
  booktitle={Cpa},
  pages={229--248},
  year={2007}
}

@inproceedings{Agrawal:1985:VDP:320599.322570,
 author = {Agrawal, Vishwani and Poon, Samuel H. C.},
 title = {{VLSI Design Process}},
 booktitle = {Proceedings of the 1985 ACM Thirteenth Annual Conference on Computer Science},
 series = {CSC '85},
 year = {1985},
 isbn = {0-89791-150-4},
 location = {New Orleans, Louisiana, USA},
 pages = {74--78},
 numpages = {5},
 url = {http://doi.acm.org/10.1145/320599.322570},
 doi = {10.1145/320599.322570},
 acmid = {322570},
 publisher = {ACM},
 address = {New York, NY, USA},
}



@article{coussy2009introduction,
  title={{An introduction to high-level synthesis}},
  author={Coussy, Philippe and Gajski, Daniel D and Meredith, Michael and Takach, Andres},
  journal={IEEE Design \& Test of Computers},
  volume={26},
  number={4},
  pages={8--17},
  year={2009},
  publisher={IEEE}
}


@article{vhdl,
  title={{IEEE Standard VHDL Language Reference Manual}},
  author={},
  journal={IEEE Std 1076-1987},
  volume={},
  number={},
  pages={},
  year={1998},
  keywords={VLSI;circuit CAD;context-free languages;integrated circuit testing;specification languages;standards;Backus-Naur Form;IEEE standard;VHDL;VHSIC Hardware Description Language;context-free syntax;development;electronic systems;formal notation;hardware designs;maintenance;modification;narrative rules;procurement;semantic requirements;synthesis;testing;verification;very high scale integrated circuits;Design automation;Formal languages;Integrated circuit testing;Specification languages;Standards;Very-large-scale integration}
}


@misc{antlr,
  title={{ANTLR4}},
  howpublished = "\url{http://www.antlr.org/}",
  note = "[Online; accessed June 2018]"
}

